%%%%%%%%%%%%%%%%%%%%%%%%%%%%%%%%%%%%%%%%%%%%%%%%%%%%%%%%%%%%%%%%%%%%%%%%%%%%%%%%
%%
%% Список литературы
%%
%%%%%%%%%%%%%%%%%%%%%%%%%%%%%%%%%%%%%%%%%%%%%%%%%%%%%%%%%%%%%%%%%%%%%%%%%%%%%%%%

@ARTICLE{ Furin,
  author = {Фурин, А.Г.},
  title = {Сущность индивидуальной образовательной траектории: институциональный аспект},
  journal = {Общество: политика, экономика, право},
  year = 2016,
  number = 9,
  pages = {32--64},
  language = {russian},
}

@book{java-book,
	title={Программирование на Java},
	author={Нимейер, П. and Леук, Д.},
	isbn={9785457661004},
	url={https://books.google.ru/books?id=zVpUBQAAQBAJ},
	year={2014},
	publisher={Эксмо},
	language = {russian},
}

@online{ANTLR,
	title = {ANTLR},
	organization = {Веб-сайт проекта ANTLR},
	url = {http://www.antlr.org/},
	urldate = {18.06.2015},
	language = {russian},
}

%%%%%%%%%%%%%%%%%%%%%%%%%%%%%%%%%%%%%%%%%%%%%%%%%%%%%%%%%%%%%%%%%%%%%%%%%%%%%%%%
